@article{green_introduction_2010,
	title = {Introduction to {Social} {Pressure} and {Voting}: {New} {Experimental} {Evidence}},
	volume = {32},
	issn = {1573-6687},
	shorttitle = {Introduction to {Social} {Pressure} and {Voting}},
	url = {https://doi.org/10.1007/s11109-010-9120-2},
	doi = {10.1007/s11109-010-9120-2},
	language = {en},
	number = {3},
	urldate = {2025-09-09},
	journal = {Political Behavior},
	author = {Green, Donald P. and Gerber, Alan S.},
	month = sep,
	year = {2010},
	keywords = {Civic Duty, Direct Mail, Large Treatment Effect, Social Pressure, Voter Turnout},
	pages = {331--336},
	file = {Full Text PDF:/Users/damandhaliwal/Zotero/storage/76YZK228/Green and Gerber - 2010 - Introduction to Social Pressure and Voting New Experimental Evidence.pdf:application/pdf},
}

